@book{tarski1951introduccion,
  title={Introducci{\'o}n a la L{\'o}gica y a la Metodolog{\'\i}a de las Ciencias Deductivas},
  author={Tarski, A.},
  series={Nueva ciencia, Nueva T{\'e}cnica},
   year={1951},
  publisher={Espasa-Calpe Argentina}
}
@book{elonAEMvol1,
  title={A Matem{\'a}tica do Ensino M{\'e}dio},
  author={Lima, Elon Lages and Carvalho, P. C. P. and Wagner, E. and Morgado, A. C.},
  number={v. 1}, 
  series={Cole{\c c}{\~a}o do Professor de Matem{\'a}tica},
  year={2004},
  publisher={SBM}
}
@book{Ed1976teoria,
  title={Teoria Elementar dos Conjuntos},
  author={Edgard de Alencar Filho},
  year={1976},
  publisher={Nobel}
  }
@book{lovasz2003discrete,
  title={Discrete Mathematics: Elementary and Beyond},
  author={Lov{\'a}sz, L. and Pelik{\'a}n, J. and Vesztergombi, K.},
  series={Undergraduate Texts in Mathematics},
  year={2003},
  publisher={Springer New York}
}
@book{guidorizzi2001curso,
  title={Um Curso de C{\'a}lculo},
  author={Hamilton Luiz Guidorizzi},
  number={v. 1},
  series={Um curso de c{\'a}lculo},
  year={2001},
  publisher={LTC}
}
@book{demidovitch1965problems,
  title={Problems in mathematical analysis},
  author={Demidovitch, B.P. and Baranenkov, G.S.},
  year={1965},
  publisher={Peace Publishers}
}
@book{scheinerman2003mat,
  title={Matem{\'a}tica Discreta - Uma Introdu{\c{c}}{\~a}o},
  author={Edward R. Scheinerman},
   year={2003},
  publisher={THOMSON PIONEIRA}
}
@book{gersting2004fundamentos,
  title={Fundamentos Matem{\'a}ticos para a Ci{\^e}ncia da Computa{\c c}{\~a}o: um tratamento moderno de
	Matem{\'a}tica Discreta},
  author={Judith L. Gersting},
  year={2004},
  publisher={Livros T{\'e}cnicos e Cient{\'\i}ficos}
}
